@online{iotoverview,
  author = {Georgios Lampropoulos, Kerstin V. Siakas and Theofylaktos Anastasiadis},
  title = {Internet of Things in the Context of Industry 4.0: An Overview},
  year = {2019},
  url = {https://www.researchgate.net/publication/334366026_Internet_of_Things_in_the_Context_of_Industry_40_An_Overview},
  urldate = {06.05.2025},
  language = "russian",
}
